@MISC{Lowe,
    author = {David G. Lowe},
    title = {Distinctive Image Features from Scale-Invariant Keypoints},
    year = {2003}
}

@MISC{Miko,
    author = {Krystian Mikolajczyk and Cordelia Schmid},
    title = {Scale & Affine Invariant Interest Point Detectors},
    year = {2004}
}
@ARTICLE{Lindeberg,
    author = {Tony Lindeberg},
    title = {Feature detection with automatic scale selection},
    journal = {International Journal of Computer Vision},
    year = {1998},
    volume = {30},
    pages = {79--116}
}
